<?xml version="1.0" encoding="UTF-8"?><record xmlns="http://www.loc.gov/MARC21/slim" xmlns:cinclude="http://apache.org/cocoon/include/1.0" xmlns:zs="http://www.loc.gov/zing/srw/">
  <leader>00376nz  a2200121n  4500</leader>
  <controlfield tag="001">n  94051094 </controlfield>
  <controlfield tag="003">DLC</controlfield>
  <controlfield tag="005">19940526133752.5</controlfield>
  <controlfield tag="008">940526n| acannaab|          |n aaa |||  </controlfield>
  <datafield tag="010" ind1=" " ind2=" ">
    <subfield code="a">n  94051094 </subfield>
  </datafield>
  <datafield tag="040" ind1=" " ind2=" ">
    <subfield code="a">DLC</subfield>
    <subfield code="c">DLC</subfield>
  </datafield>
  <datafield tag="100" ind1="1" ind2="0">
    <subfield code="a">Kost, Michael,</subfield>
    <subfield code="d">1964-</subfield>
  </datafield>
  <datafield tag="670" ind1=" " ind2=" ">
    <subfield code="a">Analyse der Industrieprivatisierung in Polen, Ungarn und der CSFR, c1994:</subfield>
    <subfield code="b">t.p. (Michael Kost) p. 4 of cover (b. 1964)</subfield>
  </datafield>
</record>